@article{davison08pynn,
	author="Andrew P Davison Daniel and Bruderle and Jochen M Eppler and Jens Kremkow Eilif  and Muller Dejan  and Pecevski Laurent  and Perrinet Pierre Yger",
	title="{PyNN}: a common interface for neuronal network simulators",
	journal="Frontiers in Neuroinformatics",
	volume="2",
	year="2008",
	number={},
	pages={},
	url="www.frontiersin.org/neuroinformatics/paper/10.3389/neuro.11/011.2008/html/",
	doi="10.3389/neuro.11/011.2008",
	issn="ISSN 1662-5196"
}


@article{izhikevich2003simple_model,
	Author = {Izhikevich, Eugene M},
	Journal = {IEEE Trans. Neural Networks},
	Title = {Simple model of spiking neurons},
	Year = {2003},
	Volume = {14},
	Pages = {1569--1572}
}
